2472 3682
540 198 547 211 ‘
667 173 785 243 De
807 172 1176 268 antiquitate
1208 170 1594 243 Mendorum:
1699 161 1708 172 ’
1792 197 1829 244 2
1846 198 1874 246 1

453 277 529 347 8:
569 272 904 359 Samaritae
952 266 1155 339 etiam
1179 312 1200 344 2
1252 268 1376 362 qui
1417 268 1877 343 Pentateucho

361 367 699 442 veteribus
728 414 752 448 ‚
822 382 904 436 ut
931 382 1129 436 antea
1150 363 1444 436 diximus
1468 412 1488 443 ,
1549 365 1876 437 Hebraeo-

361 488 518 538 rum
540 463 765 535 litteris
790 479 1064 534 exarato
1089 478 1404 543 utuntur,
1419 478 1426 501 *
1438 462 1596 557 paffi
1625 459 1870 534 suntin

360 559 547 633 suum
573 557 900 634 Codicem
924 559 1208 654 plurima
1238 559 1483 631 menda
1512 557 1693 633 illabi
1718 585 1742 641 3
1790 576 1867 629 ut
1917 578 1929 589 ·

363 658 579 752 paffim
606 657 832 730 obiter
863 653 1494 734 demonstravimus,
1538 656 1609 728 in
1645 660 1869 730 Comss

360 775 557 828 ment.
574 755 643 824 in
667 751 1218 825 Pentateuchum.
1266 753 1663 826 Habuerunt
1685 776 1863 851 quo-

345 874 478 948 que
503 850 597 923 ini
624 847 779 922 suos
811 847 1143 931 criticos,
1180 850 1299 944 qui
1323 850 1649 944 plurimos
1665 854 1860 924 locos

340 966 462 1022 aut
499 947 938 1020 emendarunt
963 994 984 1026 ,
1044 962 1162 1017 aut
1220 946 1573 1019 emendare
1629 947 1857 1021 conati

342 1043 534 1124 sunt}
600 1042 811 1131 sed&
835 1045 1202 1117 nonnullos
1243 1038 1684 1140 corruperunt
1707 1095 1729 1129 ,
1776 1062 1857 1117 ut

342 1141 667 1237 exemplis
690 1139 922 1236 postea
944 1139 1247 1234 liquebit.

346 1283 353 1286 ·
402 1294 417 1319 ff.
434 1266 502 1329 9.
552 1240 763 1309 Nunc
788 1237 876 1311 ad
912 1238 1193 1310 Graecos
1211 1238 1421 1310 libros
1442 1238 1851 1311 veniendum

342 1332 473 1418 ests
512 1330 755 1431 eosque
776 1335 930 1407 cum
974 1331 1188 1407 {heros
1214 1383 1238 1416 ,
1295 1357 1446 1407 tum
1493 1333 1851 1431 profanos}

340 1439 417 1504 δι
440 1429 998 1526 Δ»ὲροίὶὲείοτίὸιιε
1034 1429 1311 1526 quidem
1350 1431 1615 1506 initium
1646 1428 1855 1506 facie-

346 1550 537 1608 mus,
583 1526 736 1620 quia
768 1524 990 1601 minus
1019 1526 1147 1607 est,
1179 1528 1290 1600 *ad
1326 1550 1448 1600 eos
1470 1528 1667 1626 quod
1695 1529 1855 1604 atti-

341 1643 494 1707 net,
543 1622 971 1699 difficultatis.
1048 1627 1275 1695 Nemo
1302 1624 1394 1719 est
1413 1675 1436 1708 ‚
1484 1623 1852 1715 cuisanum

332 1722 419 1794 fit
449 1721 769 1818 sinciput,
814 1721 973 1817 qui,
1020 1744 1091 1791 re
1121 1718 1597 1817 ipsispechtd,
1626 1729 1695 1796 in
1728 1724 1855 1797 du·-

339 1820 532 1891 bium
560 1840 874 1900 revocare
903 1817 1101 1913 poffit
1130 1867 1149 1896 ‚
1196 1839 1364 1890 num
1392 1815 1577 1893 facile
1611 1833 1853 1915 potue·-

337 1915 431 1988 rit
460 1913 602 1987 fieri
632 1934 710 1988 ut
738 1915 982 1988 menda
997 1914 1432 2006 admitterent
1455 1921 1846 1992 Graecorum

323 2012 644 2094 Librarii,
689 2012 789 2085 ob
814 2011 1103 2086 rationes
1122 2060 1140 2093 ‚
1165 2033 1340 2107 quas
1365 2011 1698 2109 superiore
1714 2011 1850 2089 Ca-

321 2111 473 2207 pite
492 2109 874 2185 attulimus.
967 2114 1062 2181 At
1080 2111 1126 2181 fi
1148 2132 1471 2206 umquam
1496 2111 1851 2208 inspexerit

290 2217 550 2283 'manu
579 2206 865 2303 scriptos
907 2207 1180 2280 Graecos
1223 2205 1518 2281 Codices
1551 2258 1573 2291 ‚
1632 2209 1845 2283 etiam'
1894 2301 1897 2306 ‚

317 2305 603 2402 optimae
658 2322 845 2376 notae
871 2349 895 2386 ,
963 2311 1030 2375 δε
1074 2304 1566 2399 antiquiffimos·
1601 2333 1623 2387 3
1726 2323 1847 2378 aut

319 2402 530 2488 etiam
551 2402 856 2475 virorum
898 2401 1352 2485 eruditorum,
1399 2402 1515 2496 qui
1539 2401 1849 2475 illustran-

326 2496 447 2568 dis
489 2497 832 2571 veteribus
882 2496 1331 2592 scriptoribus
1378 2498 1633 2570 Gra-cis
1669 2521 1849 2592 ope-e

326 2614 485 2679 tam
541 2594 782 2667 dedere
813 2643 836 2677 ,
909 2595 1170 2689 Scripta
1217 2596 1535 2668 nonnulla-
1588 2597 1847 2693 legerit3

310 2712 491 2762 non
524 2691 736 2763 modo
760 2688 1052 2787 -potuiss'e
1081 2690 1223 2763 fieri
1244 2741 1265 2773 ,
1312 2710 1392 2763 ut
1431 2695 1638 2765 muita
1664 2707 1852 2765 men-

314 2786 427 2858 da
471 2784 839 2884 irrepserint
877 2789 947 2860 in
979 2788 1181 2860 MSS.
1209 2788 1505 2862 Codices
1534 2836 1555 2871 ,
1602 2788 1710 2864 sed
1739 2816 1853 2865 re—

312 2881 494 2960 veni
515 2882 835 2983 irrepfiffe
879 2884 1057 2957 illico
1090 2880 1427 2957 fatebitur.
1523 2889 1668 2978 Qui
1715 2889 1855 2961 haec

304 2980 405 3057 in
430 2983 1102 3155 animumfreyocmi}
1102 2983 1471 3081 neglexerit
1481 3032 1505 3071 ‚
1554 3003 1680 3058 nec
1710 2993 1862 3055 um'-

450 3111 457 3118 ·
1149 3103 1185 3176 3
1412 3154 1415 3157 ,
1579 3129 1584 3134 -
1646 3100 1859 3176 quam
