<?xml version="1.0" encoding="UTF-8"?>
<!DOCTYPE html PUBLIC "-//W3C//DTD XHTML 1.0 Transitional//EN"
    "http://www.w3.org/TR/xhtml1/DTD/xhtml1-transitional.dtd">
<html xmlns="http://www.w3.org/1999/xhtml" xml:lang="en" lang="en">
 <head>
  <title>
</title>
<meta http-equiv="Content-Type" content="text/html;charset=utf-8" />
  <meta name='ocr-system' content='tesseract 3.04.00' />
  <meta name='ocr-capabilities' content='ocr_page ocr_carea ocr_par ocr_line ocrx_word'/>
</head>
<body>
  <div class='ocr_page' id='page_1' title='image "./joannisclericia00unkngoog_0153.png"; bbox 0 0 2472 3682; ppageno 0'>
   <div class='ocr_carea' id='block_1_1' title="bbox 136 175 1838 3212">
    <p class='ocr_par' dir='ltr' id='par_1_1' title="bbox 136 175 1838 3212">
     <span class='ocr_line' id='line_1_1' title="bbox 388 175 1792 352; baseline 0.001 -95"><span class='ocrx_word' id='word_1_1' title='bbox 388 252 395 257; x_wconf 84' lang='grc'><em>,</em></span> <span class='ocrx_word' id='word_1_2' title='bbox 563 175 944 352; x_wconf 46' lang='grc' dir='ltr'>Βῗρεεάαείε</span> <span class='ocrx_word' id='word_1_3' title='bbox 965 181 1007 252; x_wconf 75' lang='grc' dir='ltr'><em>ἃ</em></span> <span class='ocrx_word' id='word_1_4' title='bbox 1034 183 1360 260; x_wconf 83' lang='lat' dir='ltr'>Scribente.</span> <span class='ocrx_word' id='word_1_5' title='bbox 1651 221 1683 268; x_wconf 86' lang='lat'>1</span> <span class='ocrx_word' id='word_1_6' title='bbox 1700 205 1792 291; x_wconf 67' lang='lat'>23·</span> 
     </span>
     <span class='ocr_line' id='line_1_2' title="bbox 238 280 1807 375; baseline 0.002 -18"><span class='ocrx_word' id='word_1_7' title='bbox 238 312 456 370; x_wconf 72' lang='lat' dir='ltr'>erute</span> <span class='ocrx_word' id='word_1_8' title='bbox 473 341 497 368; x_wconf 84' lang='lat'>‚</span> <span class='ocrx_word' id='word_1_9' title='bbox 548 293 618 356; x_wconf 85' lang='lat'>&amp;</span> <span class='ocrx_word' id='word_1_10' title='bbox 676 282 990 375; x_wconf 57' lang='lat' dir='ltr'>&amp;periore</span> <span class='ocrx_word' id='word_1_11' title='bbox 1021 280 1194 355; x_wconf 68' lang='lat' dir='ltr'>lineii</span> <span class='ocrx_word' id='word_1_12' title='bbox 1222 281 1489 360; x_wconf 87' lang='lat' dir='ltr'>constat</span> <span class='ocrx_word' id='word_1_13' title='bbox 1514 335 1537 368; x_wconf 87' lang='lat'><strong>,</strong></span> <span class='ocrx_word' id='word_1_14' title='bbox 1582 289 1657 360; x_wconf 90' lang='lat' dir='ltr'>in</span> <span class='ocrx_word' id='word_1_15' title='bbox 1685 295 1807 364; x_wconf 85' lang='lat' dir='ltr'>he-</span> 
     </span>
     <span class='ocr_line' id='line_1_3' title="bbox 136 377 1812 486; baseline 0.006 -36"><span class='ocrx_word' id='word_1_16' title='bbox 136 444 147 450; x_wconf 71' lang='lat'><strong><em>,</em></strong></span> <span class='ocrx_word' id='word_1_17' title='bbox 243 387 639 486; x_wconf 64' lang='lat' dir='ltr'>mieyclum</span> <span class='ocrx_word' id='word_1_18' title='bbox 647 377 920 452; x_wconf 76' lang='lat' dir='ltr'>tandem</span> <span class='ocrx_word' id='word_1_19' title='bbox 935 398 1326 454; x_wconf 87' lang='lat' dir='ltr'><strong>mutaretur.</strong></span> <span class='ocrx_word' id='word_1_20' title='bbox 1359 381 1659 458; x_wconf 86' lang='lat' dir='ltr'>Cernere</span> <span class='ocrx_word' id='word_1_21' title='bbox 1678 389 1812 462; x_wconf 85' lang='lat' dir='ltr'>hoe</span> 
     </span>
     <span class='ocr_line' id='line_1_4' title="bbox 250 479 1819 576; baseline 0.002 -22"><span class='ocrx_word' id='word_1_22' title='bbox 250 494 432 572; x_wconf 71' lang='lat' dir='ltr'>licet</span> <span class='ocrx_word' id='word_1_23' title='bbox 446 534 469 567; x_wconf 87' lang='lat'><strong>,</strong></span> <span class='ocrx_word' id='word_1_24' title='bbox 486 484 559 554; x_wconf 89' lang='lat' dir='ltr'>in</span> <span class='ocrx_word' id='word_1_25' title='bbox 574 494 1019 553; x_wconf 82' lang='lat' dir='ltr'>monumento</span> <span class='ocrx_word' id='word_1_26' title='bbox 1032 479 1117 551; x_wconf 90' lang='lat' dir='ltr'>de</span> <span class='ocrx_word' id='word_1_27' title='bbox 1130 503 1276 576; x_wconf 87' lang='lat' dir='ltr'>quo</span> <span class='ocrx_word' id='word_1_28' title='bbox 1286 503 1487 559; x_wconf 77' lang='lat' dir='ltr'>antea</span> <span class='ocrx_word' id='word_1_29' title='bbox 1497 482 1819 570; x_wconf 78' lang='lat' dir='ltr'>diximus,</span> 
     </span>
     <span class='ocr_line' id='line_1_5' title="bbox 254 574 1621 679; baseline -0.001 -20"><span class='ocrx_word' id='word_1_30' title='bbox 254 581 546 679; x_wconf 73' lang='lat' dir='ltr'>aliisque</span> <span class='ocrx_word' id='word_1_31' title='bbox 570 574 1023 671; x_wconf 83' lang='lat' dir='ltr'>antiquiffimis</span> <span class='ocrx_word' id='word_1_32' title='bbox 1049 577 1621 674; x_wconf 87' lang='lat' dir='ltr'>Inscriptionibus.</span> 
     </span>
     <span class='ocr_line' id='line_1_6' title="bbox 258 674 1814 767; baseline 0.013 -32"><span class='ocrx_word' id='word_1_33' title='bbox 258 727 271 735; x_wconf 85' lang='lat'>.</span> <span class='ocrx_word' id='word_1_34' title='bbox 386 691 447 757; x_wconf 80' lang='lat'>3,</span> <span class='ocrx_word' id='word_1_35' title='bbox 492 676 703 767; x_wconf 78' lang='lat' dir='ltr'>Qud</span> <span class='ocrx_word' id='word_1_36' title='bbox 734 677 892 744; x_wconf 75' lang='lat' dir='ltr'>cum</span> <span class='ocrx_word' id='word_1_37' title='bbox 916 674 1019 745; x_wconf 82' lang='lat' dir='ltr'>ita</span> <span class='ocrx_word' id='word_1_38' title='bbox 1055 674 1134 745; x_wconf 85' lang='lat' dir='ltr'>fit</span> <span class='ocrx_word' id='word_1_39' title='bbox 1162 724 1182 754; x_wconf 90' lang='lat'>,</span> <span class='ocrx_word' id='word_1_40' title='bbox 1231 684 1300 747; x_wconf 76' lang='grc' dir='ltr'>δι</span> <span class='ocrx_word' id='word_1_41' title='bbox 1330 679 1590 753; x_wconf 88' lang='lat' dir='ltr'>constet</span> <span class='ocrx_word' id='word_1_42' title='bbox 1617 683 1814 755; x_wconf 79' lang='lat' dir='ltr'>Grae-</span> 
     </span>
     <span class='ocr_line' id='line_1_7' title="bbox 266 772 1806 869; baseline -0.003 -13"><span class='ocrx_word' id='word_1_43' title='bbox 266 803 411 856; x_wconf 83' lang='lat' dir='ltr'>cos</span> <span class='ocrx_word' id='word_1_44' title='bbox 450 776 640 850; x_wconf 87' lang='lat' dir='ltr'>suum</span> <span class='ocrx_word' id='word_1_45' title='bbox 685 772 897 864; x_wconf 82' lang='lat' dir='ltr'>Sigma</span> <span class='ocrx_word' id='word_1_46' title='bbox 930 793 1115 842; x_wconf 89' lang='lat' dir='ltr'>nunc</span> <span class='ocrx_word' id='word_1_47' title='bbox 1150 773 1257 846; x_wconf 75' lang='lat' dir='ltr'>ita·</span> <span class='ocrx_word' id='word_1_48' title='bbox 1278 775 1553 869; x_wconf 84' lang='lat' dir='ltr'>pinxisse</span> <span class='ocrx_word' id='word_1_49' title='bbox 1594 797 1674 852; x_wconf 87' lang='lat' dir='ltr'>ut</span> <span class='ocrx_word' id='word_1_50' title='bbox 1719 797 1806 867; x_wconf 86' lang='grc' dir='ltr'>Σ,</span> 
     </span>
     <span class='ocr_line' id='line_1_8' title="bbox 265 868 1811 954; baseline -0.004 -1"><span class='ocrx_word' id='word_1_51' title='bbox 265 901 466 954; x_wconf 79' lang='lat' dir='ltr'>nunc</span> <span class='ocrx_word' id='word_1_52' title='bbox 493 873 661 946; x_wconf 74' lang='lat' dir='ltr'>vero</span> <span class='ocrx_word' id='word_1_53' title='bbox 697 886 778 939; x_wconf 90' lang='lat' dir='ltr'>ut</span> <span class='ocrx_word' id='word_1_54' title='bbox 808 868 909 951; x_wconf 88' lang='lat' dir='ltr'>C,</span> <span class='ocrx_word' id='word_1_55' title='bbox 961 869 1366 945; x_wconf 86' lang='lat' dir='ltr'>crediderim</span> <span class='ocrx_word' id='word_1_56' title='bbox 1389 876 1606 949; x_wconf 80' lang='lat' dir='ltr'>etiam</span> <span class='ocrx_word' id='word_1_57' title='bbox 1639 883 1811 954; x_wconf 80' lang='lat' dir='ltr'>Lati·</span> 
     </span>
     <span class='ocr_line' id='line_1_9' title="bbox 269 967 1815 1068; baseline 0.002 -22"><span class='ocrx_word' id='word_1_58' title='bbox 269 1000 449 1057; x_wconf 87' lang='lat' dir='ltr'>nos,</span> <span class='ocrx_word' id='word_1_59' title='bbox 495 967 962 1063; x_wconf 85' lang='lat' dir='ltr'>antiquiffimis</span> <span class='ocrx_word' id='word_1_60' title='bbox 982 972 1445 1064; x_wconf 80' lang='lat' dir='ltr'>temporibus,</span> <span class='ocrx_word' id='word_1_61' title='bbox 1483 972 1815 1068; x_wconf 87' lang='lat' dir='ltr'>posterio-</span> 
     </span>
     <span class='ocr_line' id='line_1_10' title="bbox 278 1063 1821 1166; baseline -0.003 -19"><span class='ocrx_word' id='word_1_62' title='bbox 278 1077 345 1148; x_wconf 84' lang='lat' dir='ltr'>ri</span> <span class='ocrx_word' id='word_1_63' title='bbox 371 1073 496 1144; x_wconf 81' lang='lat' dir='ltr'>hac</span> <span class='ocrx_word' id='word_1_64' title='bbox 525 1063 743 1166; x_wconf 62' lang='lat' dir='ltr'>figuti</span> <span class='ocrx_word' id='word_1_65' title='bbox 761 1065 1100 1137; x_wconf 87' lang='lat' dir='ltr'>interdum</span> <span class='ocrx_word' id='word_1_66' title='bbox 1131 1066 1261 1138; x_wconf 84' lang='lat' dir='ltr'>effe</span> <span class='ocrx_word' id='word_1_67' title='bbox 1286 1068 1477 1148; x_wconf 84' lang='lat' dir='ltr'>usos,</span> <span class='ocrx_word' id='word_1_68' title='bbox 1509 1076 1821 1165; x_wconf 83' lang='lat' dir='ltr'>quamvis</span> 
     </span>
     <span class='ocr_line' id='line_1_11' title="bbox 283 1160 1819 1263; baseline -0.001 -22"><span class='ocrx_word' id='word_1_69' title='bbox 283 1171 593 1263; x_wconf 85' lang='lat' dir='ltr'>exempla</span> <span class='ocrx_word' id='word_1_70' title='bbox 608 1169 680 1238; x_wconf 90' lang='lat' dir='ltr'>in</span> <span class='ocrx_word' id='word_1_71' title='bbox 707 1160 1289 1257; x_wconf 86' lang='lat' dir='ltr'>Inscriptionibus,</span> <span class='ocrx_word' id='word_1_72' title='bbox 1338 1186 1462 1238; x_wconf 84' lang='lat' dir='ltr'>aut</span> <span class='ocrx_word' id='word_1_73' title='bbox 1486 1166 1558 1239; x_wconf 92' lang='lat' dir='ltr'>in</span> <span class='ocrx_word' id='word_1_74' title='bbox 1588 1172 1819 1241; x_wconf 90' lang='lat' dir='ltr'>Num-</span> 
     </span>
     <span class='ocr_line' id='line_1_12' title="bbox 278 1260 1830 1361; baseline -0.014 -18"><span class='ocrx_word' id='word_1_75' title='bbox 278 1268 429 1342; x_wconf 84' lang='lat' dir='ltr'>-mis</span> <span class='ocrx_word' id='word_1_76' title='bbox 455 1288 593 1341; x_wconf 85' lang='lat' dir='ltr'>non</span> <span class='ocrx_word' id='word_1_77' title='bbox 624 1260 1230 1335; x_wconf 83' lang='lat' dir='ltr'>animadverterim.</span> <span class='ocrx_word' id='word_1_78' title='bbox 1280 1264 1554 1360; x_wconf 87' lang='lat' dir='ltr'>ltaque,</span> <span class='ocrx_word' id='word_1_79' title='bbox 1595 1290 1830 1361; x_wconf 80' lang='lat' dir='ltr'>quem..</span> 
     </span>
     <span class='ocr_line' id='line_1_13' title="bbox 281 1359 1823 1457; baseline 0 -21"><span class='ocrx_word' id='word_1_80' title='bbox 281 1363 673 1442; x_wconf 77' lang='lat' dir='ltr'>admodum</span> <span class='ocrx_word' id='word_1_81' title='bbox 698 1359 1069 1455; x_wconf 83' lang='lat' dir='ltr'>aliquando</span> <span class='ocrx_word' id='word_1_82' title='bbox 1101 1362 1338 1433; x_wconf 84' lang='lat' dir='ltr'>Graeca</span> <span class='ocrx_word' id='word_1_83' title='bbox 1367 1365 1663 1457; x_wconf 78' lang='lat' dir='ltr'>legentes</span> <span class='ocrx_word' id='word_1_84' title='bbox 1688 1368 1823 1436; x_wconf 86' lang='lat' dir='ltr'><strong>La·-</strong></span> 
     </span>
     <span class='ocr_line' id='line_1_14' title="bbox 290 1452 1824 1555; baseline 0 -20"><span class='ocrx_word' id='word_1_85' title='bbox 290 1463 436 1537; x_wconf 83' lang='lat' dir='ltr'>tini</span> <span class='ocrx_word' id='word_1_86' title='bbox 463 1456 909 1555; x_wconf 85' lang='lat' dir='ltr'>imperitiores</span> <span class='ocrx_word' id='word_1_87' title='bbox 938 1462 980 1527; x_wconf 90' lang='lat' dir='ltr'>S</span> <span class='ocrx_word' id='word_1_88' title='bbox 1030 1465 1096 1526; x_wconf 89' lang='lat'>&amp;</span> <span class='ocrx_word' id='word_1_89' title='bbox 1132 1462 1195 1528; x_wconf 92' lang='lat' dir='ltr'>C</span> <span class='ocrx_word' id='word_1_90' title='bbox 1223 1452 1675 1531; x_wconf 85' lang='lat' dir='ltr'>miscuerunt:</span> <span class='ocrx_word' id='word_1_91' title='bbox 1737 1463 1824 1537; x_wconf 86' lang='lat' dir='ltr'>fic</span> 
     </span>
     <span class='ocr_line' id='line_1_15' title="bbox 297 1554 1822 1649; baseline -0.01 -16"><span class='ocrx_word' id='word_1_92' title='bbox 297 1568 376 1633; x_wconf 87' lang='lat'>&amp;</span> <span class='ocrx_word' id='word_1_93' title='bbox 394 1604 418 1639; x_wconf 88' lang='lat'>‚</span> <span class='ocrx_word' id='word_1_94' title='bbox 461 1557 532 1629; x_wconf 88' lang='lat' dir='ltr'>in</span> <span class='ocrx_word' id='word_1_95' title='bbox 570 1554 940 1649; x_wconf 78' lang='lat' dir='ltr'>Latinarum</span> <span class='ocrx_word' id='word_1_96' title='bbox 979 1575 1232 1626; x_wconf 90' lang='lat' dir='ltr'>vocum</span> <span class='ocrx_word' id='word_1_97' title='bbox 1271 1556 1594 1637; x_wconf 61' lang='lat' dir='ltr'>leffione„</span> <span class='ocrx_word' id='word_1_98' title='bbox 1638 1558 1822 1632; x_wconf 80' lang='lat' dir='ltr'>fimi..</span> 
     </span>
     <span class='ocr_line' id='line_1_16' title="bbox 288 1650 1826 1753; baseline -0.003 -23"><span class='ocrx_word' id='word_1_99' title='bbox 288 1659 444 1731; x_wconf 82' lang='lat' dir='ltr'>liter</span> <span class='ocrx_word' id='word_1_100' title='bbox 498 1672 804 1727; x_wconf 82' lang='lat' dir='ltr'>erratum.</span> <span class='ocrx_word' id='word_1_101' title='bbox 930 1658 1012 1743; x_wconf 71' lang='lat'>,1¹¹</span> <span class='ocrx_word' id='word_1_102' title='bbox 1080 1653 1296 1748; x_wconf 82' lang='lat' dir='ltr'><em>Gloffis</em></span> <span class='ocrx_word' id='word_1_103' title='bbox 1317 1700 1322 1707; x_wconf 81' lang='lat'><em>-</em></span> <span class='ocrx_word' id='word_1_104' title='bbox 1346 1650 1398 1734; x_wconf 79' lang='lat'>,&#39;</span> <span class='ocrx_word' id='word_1_105' title='bbox 1461 1660 1700 1753; x_wconf 86' lang='lat' dir='ltr'>legere·</span> <span class='ocrx_word' id='word_1_106' title='bbox 1733 1658 1826 1732; x_wconf 88' lang='lat' dir='ltr'>est</span> 
     </span>
     <span class='ocr_line' id='line_1_17' title="bbox 297 1753 1827 1846; baseline 0.001 -20"><span class='ocrx_word' id='word_1_107' title='bbox 297 1753 894 1831; x_wconf 78' lang='lat' dir='ltr'>BOCLUCA,</span> <span class='ocrx_word' id='word_1_108' title='bbox 944 1772 1070 1846; x_wconf 88' lang='lat' dir='ltr'>pro</span> <span class='ocrx_word' id='word_1_109' title='bbox 1114 1753 1663 1837; x_wconf 75' lang='lat' dir='ltr'><strong>BOSLUCA,</strong></span> <span class='ocrx_word' id='word_1_110' title='bbox 1694 1756 1827 1827; x_wconf 70' lang='grc' dir='ltr'>ἑλέ-</span> 
     </span>
     <span class='ocr_line' id='line_1_18' title="bbox 302 1848 1824 1939; baseline 0.002 -17"><span class='ocrx_word' id='word_1_111' title='bbox 302 1865 573 1939; x_wconf 63' lang='lat' dir='ltr'>Qasr&amp;</span> <span class='ocrx_word' id='word_1_112' title='bbox 585 1901 609 1934; x_wconf 87' lang='lat'>,</span> <span class='ocrx_word' id='word_1_113' title='bbox 630 1852 670 1894; x_wconf 54' lang='lat'>*¹</span> <span class='ocrx_word' id='word_1_114' title='bbox 692 1866 938 1920; x_wconf 89' lang='lat' dir='ltr'>notum</span> <span class='ocrx_word' id='word_1_115' title='bbox 955 1849 1135 1919; x_wconf 90' lang='lat' dir='ltr'>enim</span> <span class='ocrx_word' id='word_1_116' title='bbox 1152 1848 1245 1921; x_wconf 90' lang='lat' dir='ltr'>est</span> <span class='ocrx_word' id='word_1_117' title='bbox 1260 1853 1613 1924; x_wconf 86' lang='lat' dir='ltr'>Romanos</span> <span class='ocrx_word' id='word_1_118' title='bbox 1625 1901 1642 1930; x_wconf 90' lang='lat'>‚</span> <span class='ocrx_word' id='word_1_119' title='bbox 1663 1853 1824 1925; x_wconf 66' lang='lat' dir='ltr'>cnm</span> 
     </span>
     <span class='ocr_line' id='line_1_19' title="bbox 297 1942 1828 2048; baseline 0 -27"><span class='ocrx_word' id='word_1_120' title='bbox 297 1950 590 2048; x_wconf 63' lang='lat' dir='ltr'>primam</span> <span class='ocrx_word' id='word_1_121' title='bbox 616 1942 925 2019; x_wconf 72' lang='lat' dir='ltr'>vidissent</span> <span class='ocrx_word' id='word_1_122' title='bbox 946 1943 1366 2043; x_wconf 81' lang='lat' dir='ltr'>Elephantos</span> <span class='ocrx_word' id='word_1_123' title='bbox 1388 1997 1410 2028; x_wconf 90' lang='lat'><strong>,</strong></span> <span class='ocrx_word' id='word_1_124' title='bbox 1457 1972 1578 2019; x_wconf 85' lang='lat' dir='ltr'>eos</span> <span class='ocrx_word' id='word_1_125' title='bbox 1617 1952 1828 2021; x_wconf 82' lang='lat' dir='ltr'>Boves</span> 
     </span>
     <span class='ocr_line' id='line_1_20' title="bbox 277 2042 1831 2129; baseline 0.001 -9"><span class='ocrx_word' id='word_1_126' title='bbox 277 2054 505 2121; x_wconf 77' lang='lat' dir='ltr'><em>‘Lucas</em></span> <span class='ocrx_word' id='word_1_127' title='bbox 545 2095 587 2129; x_wconf 88' lang='lat'>,-</span> <span class='ocrx_word' id='word_1_128' title='bbox 632 2045 738 2117; x_wconf 87' lang='lat' dir='ltr'>seu</span> <span class='ocrx_word' id='word_1_129' title='bbox 799 2048 1076 2115; x_wconf 86' lang='lat' dir='ltr'>Lucanos</span> <span class='ocrx_word' id='word_1_130' title='bbox 1126 2043 1370 2116; x_wconf 81' lang='lat' dir='ltr'>dixiffe.</span> <span class='ocrx_word' id='word_1_131' title='bbox 1474 2044 1554 2114; x_wconf 90' lang='lat' dir='ltr'>ln</span> <span class='ocrx_word' id='word_1_132' title='bbox 1600 2042 1831 2121; x_wconf 85' lang='lat' dir='ltr'>iisdem</span> 
     </span>
     <span class='ocr_line' id='line_1_21' title="bbox 301 2141 1831 2241; baseline -0.003 -22"><span class='ocrx_word' id='word_1_133' title='bbox 301 2144 558 2241; x_wconf 84' lang='lat' dir='ltr'><em>Gloffis‚</em></span> <span class='ocrx_word' id='word_1_134' title='bbox 606 2141 1030 2215; x_wconf 78' lang='lat' dir='ltr'><strong>BOSBUC</strong></span> <span class='ocrx_word' id='word_1_135' title='bbox 1077 2142 1168 2214; x_wconf 85' lang='lat' dir='ltr'>est</span> <span class='ocrx_word' id='word_1_136' title='bbox 1211 2165 1340 2239; x_wconf 86' lang='lat' dir='ltr'>pro</span> <span class='ocrx_word' id='word_1_137' title='bbox 1389 2143 1633 2223; x_wconf 84' lang='lat' dir='ltr'>BOS,</span> <span class='ocrx_word' id='word_1_138' title='bbox 1698 2153 1831 2222; x_wconf 73' lang='grc' dir='ltr'>Βές.</span> 
     </span>
     <span class='ocr_line' id='line_1_22' title="bbox 301 2240 1829 2335; baseline -0.002 -18"><span class='ocrx_word' id='word_1_139' title='bbox 301 2249 437 2333; x_wconf 87' lang='lat' dir='ltr'>Sed</span> <span class='ocrx_word' id='word_1_140' title='bbox 469 2240 563 2314; x_wconf 85' lang='lat' dir='ltr'>est</span> <span class='ocrx_word' id='word_1_141' title='bbox 587 2242 752 2315; x_wconf 71' lang='lat' dir='ltr'>alius</span> <span class='ocrx_word' id='word_1_142' title='bbox 775 2240 1091 2335; x_wconf 85' lang='lat' dir='ltr'>infignior</span> <span class='ocrx_word' id='word_1_143' title='bbox 1113 2244 1341 2322; x_wconf 84' lang='lat' dir='ltr'>locus,</span> <span class='ocrx_word' id='word_1_144' title='bbox 1387 2240 1458 2311; x_wconf 88' lang='lat' dir='ltr'>in</span> <span class='ocrx_word' id='word_1_145' title='bbox 1492 2240 1710 2315; x_wconf 85' lang='lat' dir='ltr'>littera</span> <span class='ocrx_word' id='word_1_146' title='bbox 1736 2241 1829 2328; x_wconf 85' lang='lat' dir='ltr'>C,</span> 
     </span>
     <span class='ocr_line' id='line_1_23' title="bbox 303 2338 1831 2437; baseline -0.002 -23"><span class='ocrx_word' id='word_1_147' title='bbox 303 2342 435 2436; x_wconf 65' lang='lat' dir='ltr'>ubj</span> <span class='ocrx_word' id='word_1_148' title='bbox 454 2339 773 2437; x_wconf 79' lang='lat' dir='ltr'>legimus:</span> <span class='ocrx_word' id='word_1_149' title='bbox 826 2341 1038 2417; x_wconf 82' lang='lat' dir='ltr'><strong><em>Cana,</em></strong></span> <span class='ocrx_word' id='word_1_150' title='bbox 1062 2338 1384 2410; x_wconf 63' lang='grc' dir='ltr'>Πανάκεια</span> <span class='ocrx_word' id='word_1_151' title='bbox 1415 2339 1572 2412; x_wconf 67' lang='grc' dir='ltr'>Θεὸς</span> <span class='ocrx_word' id='word_1_152' title='bbox 1591 2389 1613 2421; x_wconf 83' lang='grc'>,</span> <span class='ocrx_word' id='word_1_153' title='bbox 1631 2342 1831 2413; x_wconf 53' lang='lat' dir='ltr'>mam).</span> 
     </span>
     <span class='ocr_line' id='line_1_24' title="bbox 319 2431 1832 2517; baseline 0.001 -10"><span class='ocrx_word' id='word_1_154' title='bbox 319 2442 504 2509; x_wconf 83' lang='lat' dir='ltr'>Cana</span> <span class='ocrx_word' id='word_1_155' title='bbox 550 2437 591 2511; x_wconf 73' lang='grc' dir='ltr'>εἰ</span> <span class='ocrx_word' id='word_1_156' title='bbox 632 2440 838 2508; x_wconf 82' lang='lat' dir='ltr'><em>Canus</em></span> <span class='ocrx_word' id='word_1_157' title='bbox 878 2432 972 2507; x_wconf 89' lang='lat' dir='ltr'>est</span> <span class='ocrx_word' id='word_1_158' title='bbox 1011 2436 1191 2504; x_wconf 70' lang='grc' dir='ltr'><strong>πυλωὲ</strong></span> <span class='ocrx_word' id='word_1_159' title='bbox 1227 2461 1248 2517; x_wconf 84' lang='lat'>3</span> <span class='ocrx_word' id='word_1_160' title='bbox 1310 2431 1420 2507; x_wconf 88' lang='lat' dir='ltr'>sed</span> <span class='ocrx_word' id='word_1_161' title='bbox 1464 2434 1667 2505; x_wconf 73' lang='lat' dir='ltr'><strong>S&#39;AN</strong></span> <span class='ocrx_word' id='word_1_162' title='bbox 1683 2440 1745 2506; x_wconf 86' lang='lat' dir='ltr'>A</span> <span class='ocrx_word' id='word_1_163' title='bbox 1790 2432 1832 2509; x_wconf 72' lang='grc' dir='ltr'>ὲ</span> 
     </span>
     <span class='ocr_line' id='line_1_25' title="bbox 316 2529 1832 2627; baseline 0.002 -22"><span class='ocrx_word' id='word_1_164' title='bbox 316 2537 520 2607; x_wconf 73' lang='lat' dir='ltr'>Sanus</span> <span class='ocrx_word' id='word_1_165' title='bbox 552 2532 644 2607; x_wconf 88' lang='lat' dir='ltr'>est</span> <span class='ocrx_word' id='word_1_166' title='bbox 692 2534 979 2606; x_wconf 78' lang='lat' dir='ltr'>Pe‘zna&#39;cea</span> <span class='ocrx_word' id='word_1_167' title='bbox 1025 2529 1174 2603; x_wconf 87' lang='lat' dir='ltr'>Dea</span> <span class='ocrx_word' id='word_1_168' title='bbox 1199 2581 1219 2614; x_wconf 88' lang='lat'><strong>,</strong></span> <span class='ocrx_word' id='word_1_169' title='bbox 1284 2530 1630 2627; x_wconf 85' lang='lat' dir='ltr'>AEsculapii</span> <span class='ocrx_word' id='word_1_170' title='bbox 1677 2529 1832 2608; x_wconf 87' lang='lat' dir='ltr'>filia.</span> 
     </span>
     <span class='ocr_line' id='line_1_26' title="bbox 312 2626 1838 2724; baseline 0.001 -21"><span class='ocrx_word' id='word_1_171' title='bbox 312 2638 629 2706; x_wconf 84' lang='lat' dir='ltr'>Attamen</span> <span class='ocrx_word' id='word_1_172' title='bbox 656 2649 1016 2724; x_wconf 86' lang='lat' dir='ltr'>utrumque</span> <span class='ocrx_word' id='word_1_173' title='bbox 1047 2626 1164 2700; x_wconf 89' lang='lat' dir='ltr'>sub</span> <span class='ocrx_word' id='word_1_174' title='bbox 1209 2629 1455 2700; x_wconf 82' lang='lat' dir='ltr'>eodem</span> <span class='ocrx_word' id='word_1_175' title='bbox 1489 2631 1692 2702; x_wconf 89' lang='lat' dir='ltr'>titulo</span> <span class='ocrx_word' id='word_1_176' title='bbox 1735 2636 1838 2704; x_wconf 81' lang='lat' dir='ltr'>la-</span> 
     </span>
     <span class='ocr_line' id='line_1_27' title="bbox 315 2725 1835 2825; baseline 0.003 -24"><span class='ocrx_word' id='word_1_177' title='bbox 315 2748 459 2813; x_wconf 89' lang='lat' dir='ltr'>tet,</span> <span class='ocrx_word' id='word_1_178' title='bbox 505 2730 692 2825; x_wconf 89' lang='lat' dir='ltr'>quod</span> <span class='ocrx_word' id='word_1_179' title='bbox 719 2730 788 2801; x_wconf 88' lang='lat' dir='ltr'>in</span> <span class='ocrx_word' id='word_1_180' title='bbox 822 2725 1046 2823; x_wconf 89' lang='lat' dir='ltr'>priscis</span> <span class='ocrx_word' id='word_1_181' title='bbox 1071 2726 1556 2800; x_wconf 63' lang='lat' dir='ltr'>charafieribus</span> <span class='ocrx_word' id='word_1_182' title='bbox 1580 2730 1835 2807; x_wconf 83' lang='lat' dir='ltr'>Latinis</span> 
     </span>
     <span class='ocr_line' id='line_1_28' title="bbox 311 2822 1835 2929; baseline -0.011 -24"><span class='ocrx_word' id='word_1_183' title='bbox 311 2830 360 2905; x_wconf 86' lang='lat' dir='ltr'>S</span> <span class='ocrx_word' id='word_1_184' title='bbox 383 2826 798 2929; x_wconf 78' lang='lat' dir='ltr'>quandoque</span> <span class='ocrx_word' id='word_1_185' title='bbox 825 2843 905 2896; x_wconf 91' lang='lat' dir='ltr'>ut</span> <span class='ocrx_word' id='word_1_186' title='bbox 931 2826 994 2894; x_wconf 91' lang='lat' dir='ltr'>C</span> <span class='ocrx_word' id='word_1_187' title='bbox 1025 2822 1427 2919; x_wconf 82' lang='lat' dir='ltr'>pingeretur.</span> <span class='ocrx_word' id='word_1_188' title='bbox 1522 2827 1689 2899; x_wconf 86' lang='lat' dir='ltr'>Non</span> <span class='ocrx_word' id='word_1_189' title='bbox 1703 2829 1835 2902; x_wconf 83' lang='lat' dir='ltr'>du-</span> 
     </span>
     <span class='ocr_line' id='line_1_29' title="bbox 300 2926 1828 2998; baseline 0 0"><span class='ocrx_word' id='word_1_190' title='bbox 300 2959 308 2968; x_wconf 92' lang='lat'><strong>·</strong></span> <span class='ocrx_word' id='word_1_191' title='bbox 1674 2926 1828 2998; x_wconf 92' lang='lat' dir='ltr'>bito</span> 
     </span>
     <span class='ocr_line' id='line_1_30' title="bbox 373 3062 1833 3147; baseline -0.01 -10"><span class='ocrx_word' id='word_1_192' title='bbox 373 3077 408 3111; x_wconf 72' lang='lat'>⁴·</span> <span class='ocrx_word' id='word_1_193' title='bbox 452 3076 580 3138; x_wconf 71' lang='lat' dir='ltr'>me</span> <span class='ocrx_word' id='word_1_194' title='bbox 608 3073 764 3135; x_wconf 70' lang='lat' dir='ltr'>Plinii</span> <span class='ocrx_word' id='word_1_195' title='bbox 787 3063 918 3144; x_wconf 72' lang='lat' dir='ltr'>Hist.</span> <span class='ocrx_word' id='word_1_196' title='bbox 949 3075 1078 3147; x_wconf 68' lang='lat' dir='ltr'>Nat,</span> <span class='ocrx_word' id='word_1_197' title='bbox 1105 3065 1357 3146; x_wconf 59' lang='lat' dir='ltr'>Libyas,</span> <span class='ocrx_word' id='word_1_198' title='bbox 1390 3083 1433 3121; x_wconf 80' lang='lat' dir='ltr'>c.</span> <span class='ocrx_word' id='word_1_199' title='bbox 1453 3069 1506 3125; x_wconf 89' lang='lat'>6.</span> <span class='ocrx_word' id='word_1_200' title='bbox 1538 3062 1607 3132; x_wconf 68' lang='grc' dir='ltr'>ό·</span> <span class='ocrx_word' id='word_1_201' title='bbox 1628 3065 1833 3123; x_wconf 75' lang='lat' dir='ltr'>adeum</span> 
     </span>
     <span class='ocr_line' id='line_1_31' title="bbox 290 3159 1025 3212; baseline 0.001 -2"><span class='ocrx_word' id='word_1_202' title='bbox 290 3159 415 3212; x_wconf 76' lang='lat' dir='ltr'>Inte.</span> <span class='ocrx_word' id='word_1_203' title='bbox 1019 3184 1025 3196; x_wconf 63' lang='grc'><em>»</em></span> 
     </span>
    </p>
   </div>
  </div>
 </body>
</html>
