2472 3682
640 220 757 289 De
763 227 1023 316 peccatis
1045 221 1085 294 ἃ
1114 228 1443 307 Βίἑῖαητε.
1663 228 1674 239 ’
1725 271 1819 341 95

302 313 637 400 jinnakem.
732 316 814 387 ln
866 321 1260 399 Samaritico
1321 329 1589 407 Codice
1633 383 1657 418 ,
1743 347 1840 421 est

303 423 439 473 nm*
465 423 582 475 mn
625 412 823 485 moth
856 413 1162 503 joumath
1197 475 1219 503 ,
1282 449 1469 501 morte
1507 442 1793 511 morietur
1814 491 1842 526 ,

304 531 462 606 quae
485 507 583 581 est
611 507 1070 608 interpretatio
1104 521 1459 599 verborum
1483 577 1505 611 ,
1568 557 1718 629 quae
1750 538 1841 611 le·

308 624 577 701 guntur
588 607 661 676 in
685 608 986 704 Juda'icis
1013 614 1412 696 Codicibus.
1465 630 1653 705 Talia
1669 638 1841 707 mul·

314 720 393 775 ta
426 701 497 773 in
521 726 605 776 eo
631 703 894 779 Codice
921 708 1552 806 animadvertimus,
1582 735 1651 801 δι
1675 752 1842 826 pro·

320 799 623 885 tulimus,
669 800 1284 897 incommentario
1310 817 1538 893 nostro
1560 823 1630 897 in
1664 829 1840 903 Pen-

310 899 728 973 tateuchum.
786 900 922 973 -Vix
949 908 1354 985 crediderim
1385 919 1584 992 ullum
1618 930 1841 1001 Sama-

307 995 511 1068 ritam
537 996 878 1071 criticum
911 997 1118 1098 usque
1141 1006 1324 1082 adeo
1348 1015 1668 1092 audacem
1688 1021 1839 1098 fuist

306 1089 409 1174 se,
455 1110 540 1164 ut
556 1090 814 1167 Mosem
842 1099 1371 1191 emendandum,
1404 1110 1539 1185 fine
1569 1122 1836 1198 necesst-

306 1204 487 1271 tate,
535 1188 882 1266 censuerit.
967 1196 1401 1280 Probabilius
1425 1214 1644 1287 multo
1671 1220 1836 1295 mihi

308 1283 398 1355 fit
428 1289 787 1365 samaritas
812 1288 1212 1388 glossemata
1264 1307 1587 1402 marginis
1613 1317 1839 1390 credi·-

306 1380 475 1456 diffe
517 1388 732 1460 varias
771 1387 900 1460 effe
948 1394 1305 1480 leffiones,
1352 1426 1529 1496 quas
1552 1405 1836 1489 subinde

308 1495 394 1549 ut
433 1480 723 1556 veriores
748 1533 770 1567 ,
828 1487 985 1563 loco
1015 1492 1454 1587 Juda'icatum
1478 1548 1502 1582 ,
1548 1512 1838 1605 amplexi

309 1574 457 1645 (int.
554 1578 844 1654 Plurima
873 1591 1174 1684 exempla
1210 1590 1696 1688 indicavimus,
1755 1610 1831 1683 in

299 1672 549 1746 indice
576 1679 1066 1761 Commentarii
1093 1686 1318 1762 nostri.

396 1771 714 1870 Suspicor
758 1776 958 1852 etiam
1008 1783 1356 1880 ingentem
1408 1796 1787 1878 varietatem
1803 1856 1826 1890 ‚

304 1890 458 1962 quae
484 1870 615 1944 fuit
636 1875 805 1947 olim
826 1875 907 1947 in.
923 1880 1300 1960 Codicibus
1327 1891 1579 1967 Graecis
1595 1906 1664 1968 &
1694 1906 1826 1975 La-

309 1965 478 2038 tinis
507 1970 695 2060 Novi
741 1972 1177 2068 Testamenti,
1226 1988 1471 2080 partim
1516 1991 1829 2072 indidem

290 2057 663 2141 esseortam
680 2114 700 2147 ,
749 2071 942 2165 quod
969 2074 1020 2146 ii
1043 2078 1164 2170 qui
1179 2081 1263 2154 iis
1285 2086 1687 2171 utebantur,
1706 2112 1829 2170 aut

295 2181 380 2232 ex
403 2160 690 2257 ingenio
714 2164 1300 2266 interpretationes
1327 2177 1703 2260 scribebant
1750 2190 1824 2265 in

294 2258 763 2355 marginibus,
808 2287 931 2340 aut
961 2271 1167 2342 etiam
1194 2299 1279 2349 ex
1304 2280 1452 2351 aliis
1476 2284 1647 2358 locis
1677 2290 1823 2360 No·

292 2356 362 2426 vi
394 2355 803 2435 Testamenti
826 2412 855 2447 ,
914 2364 1258 2463 praesertim
1297 2375 1369 2445 in
1408 2378 1824 2477 Evangeliis,

296 2473 447 2545 quae
493 2454 673 2530 inter
714 2458 783 2548 se
819 2463 916 2536 ita
959 2465 1251 2541 conferri
1288 2475 1608 2550 volebant
1634 2525 1655 2556 ,
1702 2501 1826 2555 aut

298 2551 581 2638 alterum
622 2579 709 2626 ex
747 2560 957 2632 altero
989 2564 1284 2663 intelligi.
1378 2570 1613 2645 Postea
1655 2579 1822 2649 vero
1940 2637 1944 2642 .

296 2642 611 2736 homines
632 2654 933 2750 imperiti·
966 2659 1379 2739 Glossemata
1424 2667 1824 2754 miscuerunt

293 2762 459 2814 cum
499 2749 669 2823 veris
697 2752 1189 2849 Apostolorum
1212 2763 1431 2836 verbis
1458 2765 1665 2845 ,··s1ve
1706 2774 1816 2850 illa

286 2840 513 2916 varias
535 2846 883 2928 uniones,
909 2848 1015 2938 seu
1046 2858 1553 2937 emendationes
1573 2890 1658 2940 ex
1686 2892 1814 2945 an·-

277 2937 698 3038 tiquioribus
725 2947 1076 3022 codicibus
1099 2952 1224 3024 effe
1247 2956 1625 3037 censuerint.
1696 2970 1810 3039 Ne

273 3037 426 3131 quis
448 3036 490 3116 εἰ
514 3044 727 3121 nobis
761 3046 928 3143 fingi
960 3065 1154 3145 putet
1179 3076 1327 3151 quae
1362 3056 1450 3131 de
1488 3061 1810 3135 varietate

296 3145 301 3150 ·
906 3162 910 3166 ·
1585 3176 1805 3229 exem-
